<record><leader>00000cas a22000007a 4500</leader><controlfield tag="001">11279494</controlfield><controlfield tag="008">841018d18651907iauwr ne      0    0eng d</controlfield><datafield ind1=" " ind2=" " tag="010"><subfield code="a">sn 84038346 </subfield></datafield><datafield ind1=" " ind2=" " tag="040"><subfield code="a">NPX</subfield><subfield code="b">eng</subfield><subfield code="c">NPX</subfield><subfield code="d">INP</subfield><subfield code="d">MGN</subfield><subfield code="d">OCLCQ</subfield></datafield><datafield ind1=" " ind2=" " tag="042"><subfield code="a">msc</subfield></datafield><datafield ind1="0" ind2=" " tag="130"><subfield code="a">Ringgold record (Mount Ayr, Iowa)</subfield></datafield><datafield ind1="1" ind2="4" tag="245"><subfield code="a">The Ringgold record.</subfield></datafield><datafield ind1="3" ind2="0" tag="246"><subfield code="a">Ringgold daily record</subfield></datafield><datafield ind1=" " ind2=" " tag="260"><subfield code="a">Mt. Ayr, Iowa :</subfield><subfield code="b">David D. Pratt,</subfield><subfield code="c">-1907.</subfield></datafield><datafield ind1=" " ind2=" " tag="300"><subfield code="a">v. :</subfield><subfield code="b">ill. ;</subfield><subfield code="c">59-69 cm.</subfield></datafield><datafield ind1=" " ind2=" " tag="310"><subfield code="a">Weekly</subfield></datafield><datafield ind1="1" ind2=" " tag="362"><subfield code="a">Began Apr. 7, 1865. Cf. Feb. 28, 1907, issue.</subfield></datafield><datafield ind1="0" ind2=" " tag="362"><subfield code="a">-[v. 42, no. 9] (Feb. 28, 1907).</subfield></datafield><datafield ind1=" " ind2=" " tag="500"><subfield code="a">Separately numbered issue devoted to the interest of the fair called: Ringgold daily record, published &lt;Sept. 30, 1876&gt;; other occasional special issues.</subfield></datafield><datafield ind1=" " ind2=" " tag="500"><subfield code="a">Publisher varies.</subfield></datafield><datafield ind1=" " ind2=" " tag="500"><subfield code="a">Official paper of Ringgold County.</subfield></datafield><datafield ind1=" " ind2=" " tag="500"><subfield code="a">"Labor omnia vincit," &lt;July 3, 1873&gt;-Dec. 25, 1884.</subfield></datafield><datafield ind1=" " ind2=" " tag="515"><subfield code="a">Vol. 25, no. 22 (May 30, 1889)-v. 42, no. 9 (Feb. 28, 1907) called also whole no. 1256-2145.</subfield></datafield><datafield ind1=" " ind2=" " tag="515"><subfield code="a">Issue for Feb. 28, 1907, called v. 42, no. 8, but constitutes v. 42, no. 9; other occasional errors in numbering.</subfield></datafield><datafield ind1=" " ind2=" " tag="588"><subfield code="a">Description based on: Vol. 7, no. 35 (Apr. 11, 1872).</subfield></datafield><datafield ind1=" " ind2=" " tag="752"><subfield code="a">United States</subfield><subfield code="b">Iowa</subfield><subfield code="c">Ringgold</subfield><subfield code="d">Mount Ayr.</subfield></datafield><datafield ind1="0" ind2="5" tag="780"><subfield code="t">Ringgold County Republican</subfield><subfield code="w">(DLC)sn 86060044</subfield><subfield code="g">Mar. 1887</subfield></datafield><datafield ind1="0" ind2="5" tag="780"><subfield code="t">Kellerton mentor</subfield><subfield code="g">Jan. 1, 1883</subfield></datafield><datafield ind1="0" ind2="5" tag="780"><subfield code="t">Kellerton independent</subfield><subfield code="g">July 1, 1884</subfield></datafield><datafield ind1="0" ind2="5" tag="780"><subfield code="t">Mt. Ayr onward</subfield><subfield code="g">Dec. 1, 1884</subfield></datafield><datafield ind1="0" ind2="5" tag="780"><subfield code="t">Redding reporter</subfield><subfield code="g">Nov. 1, 1885</subfield></datafield><datafield ind1="0" ind2="7" tag="785"><subfield code="t">Twice-a-week news</subfield><subfield code="w">(DLC)sn 86060038</subfield></datafield><datafield ind1="0" ind2="7" tag="785"><subfield code="t">Mount Ayr record-news</subfield><subfield code="w">(DLC)sn 86060042</subfield></datafield><datafield ind1="1" ind2=" " tag="029"><subfield code="a">AU@</subfield><subfield code="b">000023601231</subfield></datafield></record>